@MISC{haskell_report2010,
    author = {Simon Marlow},
    title = {Haskell 2010 Language Report},
    year = {}
}

@INPROCEEDINGS{HistoryOfHaskell2007,
    author = {Paul Hudak and John Hughes and Simon Peyton Jones and Philip Wadler},
    title = {A history of Haskell: Being lazy with class},
    booktitle = {In Proceedings of the 3rd ACM SIGPLAN Conference on History of Programming Languages (HOPL-III)},
    year = {2007},
    pages = {1--55},
    publisher = {ACM Press}
}

@inproceedings{FindingTheNeedle2009,
  added-at = {2010-10-08T00:00:00.000+0200},
  author = {Allwood, Tristan O. R. and Jones, Simon L. Peyton and Eisenbach, Susan},
  biburl = {http://www.bibsonomy.org/bibtex/237642becf1c0fa5b661f8ae7e98f5024/dblp},
  booktitle = {Haskell},
  editor = {Weirich, Stephanie},
  ee = {http://doi.acm.org/10.1145/1596638.1596654},
  interhash = {a2f855d51880211b220ecff83b87862e},
  intrahash = {37642becf1c0fa5b661f8ae7e98f5024},
  isbn = {978-1-60558-508-6},
  keywords = {dblp},
  pages = {129-140},
  publisher = {ACM},
  timestamp = {2010-10-08T00:00:00.000+0200},
  title = {Finding the needle: stack traces for GHC.},
  url = {http://dblp.uni-trier.de/db/conf/haskell/haskell2009.html#AllwoodJE09},
  year = 2009
}

@Article{evalapplyjfp06,
   author = {Simon Marlow and Simon {Peyton Jones}},
   title = {Making a fast curry: push/enter vs. eval/apply for higher-order languages},
   journal = {Journal of Functional Programming},
   year = {2006},
   month = jul,
   abstract = {Higher-order languages that encourage currying are typically implemented using one of
two basic evaluation models: push/enter or eval/apply.   Implementors
use their intuition and qualitative judgements
to choose one model or the other.

Our goal in this paper is to provide, for the first time, a more
substantial basis for this choice, based on our qualitative and
quantitative experience of implementing both models in a
state-of-the-art compiler for Haskell.

Our conclusion is simple, and contradicts our initial intuition:
compiled implementations should use eval/apply.
},
   url = {http://community.haskell.org/~simonmar/papers/evalapplyjfp06.pdf},
   pages = {415--449},
   volume = {16},
   number = {4--5}
}

@article{stg_1992,
    abstract = {{The Spineless Tagless G-machine is an abstract machine
      designed to support nonstrict higher-order functional languages. This
        presentation of the machine falls into three parts. Firstly, we give a
        general discussion of the design issues involved in implementing
        non-strict functional languages. Next, we present the STG language, an
        austere but recognisably-functional language, which as well as a
        denotational meaning has a well-defined operational semantics. The STG
        language is the \&quot;abstract...}},
    author = {Simon},
    citeulike-article-id = {341178},
    citeulike-linkout-0 = {http://citeseerx.ist.psu.edu/viewdoc/summary?doi=10.1.1.53.3729},
    journal = {Journal of Functional Programming},
    number = {2},
    pages = {127--202},
    posted-at = {2008-03-11 03:50:08},
    priority = {4},
    title = {{Implementing Lazy Functional Languages on Stock Hardware: The Spineless Tagless G-Machine}},
    url = {http://citeseerx.ist.psu.edu/viewdoc/summary?doi=10.1.1.53.3729},
    volume = {2},
    year = {1992}
}

@ONLINE{ghc_website,
  author = {GHC Website},
  title = {What is GHC?},
  month = oct,
  year = {2013},
  url =
  {http://www.haskell.org/ghc/},
}

@ONLINE{source_transformation,
  author = {GHC Wiki},
  title = {Maintaining an explicit call stack},
  month = oct,
  year = {2013},
  url =
  {http://ghc.haskell.org/trac/ghc/wiki/ExplicitCallStack#Transformationoption1},
}

@ONLINE{haskell_in_industry,
  author = {Haskellwiki},
  title = {Haskell In Industry},
  month = oct,
  year = {2013},
  url =
  {http://www.haskell.org/haskellwiki/Haskell_in_industry},
}

@ONLINE{haskellwiki_static_analysis_tools,
  author = {Haskellwiki},
  title = {Development Libraries and Tools - Static Analysis Tools},
  month = jan,
  year = {2014},
  url =
  {http://www.haskell.org/haskellwiki/index.php?title=Development_Libraries_and_Tools&oldid=55967#Static_Analysis_Tools},
}

@ONLINE{fpcomplete_case_studies,
  author = {FP Complete},
  title = {Case Studies},
  month = oct,
  year = {2013},
  url =
  {https://www.fpcomplete.com/business/resources/case-studies/},
}

@Comment (Nu vettefan om ONLINE verkligen parsas speciellt)@
@ONLINE{Doe,
  author = {Doe, Ringo},
  title = {This is a test entry of type {@ONLINE}},
  month = jun,
  year = {2009},
  url = {http://www.test.org/doe/}
}


@ONLINE{ghci_debugger,
  author = {GHC},
  title = {The GHCi Debugger},
  month = nov,
  year = {2013},
  url =
  {http://www.haskell.org/ghc/docs/7.6.3/html/users_guide/ghci-debugger.html},
}

@ONLINE{oracle_java_doc_catch,
  author = {Oracle},
  title = {The catch Blocks},
  month = nov,
  year = {2013},
  url =
  {http://docs.oracle.com/javase/tutorial/essential/exceptions/catch.html},
}

@ONLINE{oracle_java_doc_method_throws,
  author = {Oracle},
  title = {Method Throws},
  month = jan,
  year = {2014},
  url =
  {http://docs.oracle.com/javase/specs/jls/se7/html/jls-8.html#jls-8.4.6},
}

@ONLINE{oracle_java_doc_compile_time_checking_of_exceptions,
  author = {Oracle},
  title = {Compile-Time Checking of Exceptions},
  month = jan,
  year = {2014},
  url =
  {http://docs.oracle.com/javase/specs/jls/se7/html/jls-11.html#jls-11.2},
}

@ONLINE{oracle_java_doc_controversy,
  author = {Oracle},
  title = {Unchecked Exceptions - The Controversy},
  month = jan,
  year = {2014},
  url =
  {http://docs.oracle.com/javase/tutorial/essential/exceptions/runtime.html},
}

@ONLINE{haskellwiki_avoiding_partial_functions,
  author = {Haskellwiki},
  title = {Avoiding partial functions},
  month = jan,
  year = {2014},
  url =
  {http://www.haskell.org/haskellwiki/index.php?title=Avoiding_partial_functions&oldid=47858},
}


@ONLINE{haskell_org_research_papers,
  author = {Haskellwiki},
  title = {Research papers},
  month = nov,
  year = {2013},
  url =
  {http://www.haskell.org/haskellwiki/Research_papers},
}

@MASTERSTHESIS{thesisFelsingBA,
  AUTHOR = {Dennis Felsing},
  TITLE = {Visualization of Lazy Evaluation and Sharing},
  SCHOOL = {Karlsruhe Institute of Technology},
  TYPE = {Bachelor's Thesis},
  ADDRESS = {Germany},
  MONTH = SEP,
  YEAR = 2012,
  PDF = {http://felsin9.de/nnis/ghc-vis/thesis/thesis.pdf}
}

@inproceedings{mitchell:catch_2008_9_25,
     title          = {Not All Patterns, But Enough - an automatic verifier for partial but sufficient pattern matching}
    ,author         = {Neil Mitchell and Colin Runciman}
    ,year           = {2008}
    ,month          = sep
    ,day            = {25}
    ,booktitle      = {Haskell '08: Proceedings of the first ACM SIGPLAN symposium on Haskell}
    ,pages          = {49--60}
    ,location       = {Victoria, BC, Canada}
    ,doi            = {http://doi.acm.org/10.1145/1411286.1411293}
    ,publisher      = {ACM}
    ,isbn           = {978-1-60558-064-7}
    ,url            = {http://community.haskell.org/~ndm/downloads/paper-not_all_patterns_but_enough-25_sep_2008.pdf}
}

@ONLINE{hat_website,
  author = {Hat Team},
  title = {Hat - generating and viewing traces},
  month = nov,
  year = {2013},
  url = {http://projects.haskell.org/hat/},
}



@TODO{clements_dissertation2005,
  title = {Portable and high-level access to the stack with Continuation Marks},
  author = {John Clements},
  url = {http://www.brinckerhoff.org/clements/papers/index.html}
  
}

@inproceedings{ckl2004,
  AUTHOR    = { Clarke, Edmund
                and Kroening, Daniel
                and Lerda, Flavio },
  TITLE     = { A Tool for Checking {ANSI-C} Programs },
  BOOKTITLE = { Tools and Algorithms for the Construction and Analysis of Systems (TACAS 2004) },
  YEAR      = { 2004 },
  PUBLISHER = { Springer },
  PAGES     = { 168--176 },
  ISBN      = { 3-540-21299-X },
  SERIES    = { Lecture Notes in Computer Science },
  VOLUME    = { 2988 },
  EDITOR    = { Kurt Jensen and Andreas Podelski },
}

@article{dantam2013motion,
  title = {The Motion Grammar: Analysis of a Linguistic Method for Robot Control},
  number = {3},
  volume = {29},
  pages = {704--718},
  journal = {IEEE/RAS Transactions on Robotics},
  author = {Neil T. Dantam and Mike Stilman},
  year = {2013}
}

@inproceedings{rouhani2013software,
  title = {Software-Synthesis via LL(*) for Context-Free Robot Programs},
  month = jun,
  booktitle = {4th Workshop on Formal Methods for Robotics and Automation, RSS},
  author = {Rouhani, Arash and Neil T. Dantam and Mike Stilman},
  year = {2013}
}

@ONLINE{dagit_getting_started_with_ghc_hacking,
  author = {Jason Dagit},
  title = {Getting Started With GHC Hacking},
  month = nov,
  year = {2013},
  url = {http://blog.codersbase.com/posts/2013-08-03-getting-started-with-ghc-hacking.html},
}

@ONLINE{rosetta_stone_st,
  author = {Rosetta Stone Wiki},
  title = {Stack traces},
  month = dec,
  year = {2013},
  url =
  {http://rosettacode.org/mw/index.php?title=Stack_traces&oldid=171024#Ruby},
}

@ONLINE{HIW2012Programme,
  author = {Haskellwiki},
  title = {HaskellImplementorsWorkshop/2012},
  month = dec,
  year = {2013},
  url = {http://www.haskell.org/haskellwiki/HaskellImplementorsWorkshop/2012#Programme},
}

@inproceedings{DBLP:conf/haskell/WortmannD13,
  author    = {Peter M. Wortmann and
               David J. Duke},
  title     = {Causality of optimized Haskell: what is burning our cycles?},
  booktitle = {Haskell},
  year      = {2013},
  pages     = {141-152},
  ee        = {http://doi.acm.org/10.1145/2503778.2503788},
  crossref  = {DBLP:conf/haskell/2013},
  bibsource = {DBLP, http://dblp.uni-trier.de}
}

@proceedings{DBLP:conf/haskell/2013,
  editor    = {Chung-chieh Shan},
  title     = {Proceedings of the 2013 ACM SIGPLAN Symposium on Haskell,
               Boston, MA, USA, September 23-24, 2013},
  booktitle = {Haskell},
  publisher = {ACM},
  year      = {2013},
  isbn      = {978-1-4503-2383-3},
  ee        = {http://dl.acm.org/citation.cfm?id=2503778},
  bibsource = {DBLP, http://dblp.uni-trier.de}
}

@ONLINE{stack_traces_ticket,
  author = {GHC Trac},
  title = {Show stack traces},
  month = dec,
  year = {2013},
  url = {https://ghc.haskell.org/trac/ghc/ticket/3693#comment:44},
}

@book{Hopcroft:2000,
 author = {Hopcroft, John E. and Ullman, Jeffrey D.},
 title = {Introduction To Automata Theory, Languages, And Computation},
 year = {2000},
 isbn = {0201441241},
 edition = {1st},
 publisher = {Addison-Wesley Longman Publishing Co., Inc.},
 address = {Boston, MA, USA},
}

@misc{eager2012introduction,
  title={Introduction to the DWARF debugging format},
  author={Eager, Michael J and Consulting, Eager},
  year = {2012}
}

@article{aho2007compilers,
  title={Compilers: Principles, Techniques, \& Tools with Gradiance},
  author={Aho, Alfred V and Lam, Monica S and Sethi, Ravi and Ullman, Jeffrey D},
  year={2007},
  publisher={Addison-Wesley Publishing Company}
}

@techreport{cheney2003first,
  title={First-class phantom types},
  author={Cheney, James and Hinze, Ralf},
  year={2003},
  institution={Cornell University}
}

@String{j-jucs = "Journal of Universal Computer Science"}

@Article{Turner:jucs_10_7:total_functional_programming,
  author =     "D. A. Turner",
  title =      "Total Functional Programming",
  abstract =   "The driving idea of functional programming is to make programming more closely related to mathematics. A program in a functional language such as Haskell or Miranda consists of equations which are both computation rules and a basis for simple algebraic reasoning about the functions and data structures they define. The existing model of functional programming, although elegant and powerful, is compromised to a greater extent than is commonly recognised by the presence of partial functions. We consider a simple discipline of total functional programming designed to exclude the possibility of non-termination. Among other things this requires a type distinction between data, which is finite, and codata, which is potentially infinite.",
  journal =    j-jucs,
  volume =     "10",
  number =     "7",
  pages =      "751--768",
  date =       "2004-07-28",
}

@phdthesis{terei2009low,
  title={Low level virtual machine for Glasgow Haskell Compiler},
  author={Terei, David Anthony and Chakravarty, Manuel MT},
  year={2009},
  school={The University of New South Wales, Sydney, Australia}
}

@ONLINE{base_forkIO,
  author = {Hackage},
  title = {forkIO},
  month = feb,
  year = {2014},
  url =
  {http://hackage.haskell.org/package/base-4.6.0.1/docs/Control-Concurrent.html#v:forkIO},
}

@ONLINE{commentary_capabilities,
  author = {GHC Commentary},
  month = feb,
  year = {2014},
  url =
  {https://ghc.haskell.org/trac/ghc/wiki/Commentary/Rts/Scheduler?version=23#Capabilities},
}

@ONLINE{commentary_return_convention,
  author = {GHC Commentary},
  month = feb,
  year = {2014},
  url =
  {https://ghc.haskell.org/trac/ghc/wiki/Commentary/Rts/HaskellExecution/CallingConvention?version=3#ReturnConvention},
}

@ONLINE{commentary_function_calls,
  author = {GHC Commentary},
  month = feb,
  year = {2014},
  url =
  {https://ghc.haskell.org/trac/ghc/wiki/Commentary/Rts/HaskellExecution/FunctionCalls?version=3#FunctionCalls},
}

@ONLINE{commentary_heap_objects,
  author = {GHC Commentary},
  month = feb,
  year = {2014},
  url =
  {https://ghc.haskell.org/trac/ghc/wiki/Commentary/Rts/Storage/HeapObjects?version=33#HeapObjects},
}

@ONLINE{github_closure_types,
  author = {GitHub},
  month = feb,
  year = {2014},
  url =
  {https://github.com/ghc/ghc/blob/4f603db253434ba0758142c42109d02c95a0ceda/includes/rts/storage/ClosureTypes.h},
}

@ONLINE{github_scavenge_stack,
  author = {GitHub},
  month = feb,
  year = {2014},
  url =
  {https://github.com/ghc/ghc/blob/3c9aa40f1cb3f228a86b359466ac8f058583e157/rts/sm/Scav.c#L1640-L1769},
}

@ONLINE{github_stack_at_call,
  author = {GitHub},
  month = feb,
  year = {2014},
  url =
  {https://github.com/ghc/ghc/blob/58e5843a4118ca19fd1c93f52f2365d90bb1b9b6/compiler/cmm/CmmParse.y#L167-L179},
}

@ONLINE{github_genapply_RET_SMALL,
  author = {GitHub},
  month = feb,
  year = {2014},
  url =
  {https://github.com/ghc/ghc/blob/2f69aaea7066b8d11034925d9376fadd67361eca/utils/genapply/GenApply.hs#L525},
}

@ONLINE{github_thunk_code,
  author = {GitHub},
  month = feb,
  year = {2014},
  url =
  {https://github.com/ghc/ghc/blob/ea584ab634b17b499138bc44dbec777de7357c19/compiler/codeGen/StgCmmBind.hs#L554-L581},
}

@ONLINE{github_updates_indirection,
  author = {GitHub},
  month = feb,
  year = {2014},
  url =
  {https://github.com/ghc/ghc/blob/1c160e588706f4ff6b4e391602e38f0a2044ec13/rts/Updates.cmm#L37},
}

@ONLINE{ghc_blog_overhaul_of_stack_management,
  author = {GHC Blog},
  month = feb,
  year = {2014},
  url =
  {https://ghc.haskell.org/trac/ghc/blog/stack-chunks},
}

@ONLINE{ghc_changeset_stack_chunks,
  author = {GHC Changeset},
  month = feb,
  year = {2014},
  url =
  {https://ghc.haskell.org/trac/ghc/changeset/f30d527344db528618f64a25250a3be557d9f287/ghc},
}

@ONLINE{github_sync_sp,
  author = {GitHub},
  month = feb,
  year = {2014},
  url =
  {https://github.com/ghc/ghc/blob/5f98d44d8617756971cf47c040f2556de4e98f63/compiler/codeGen/StgCmmForeign.hs#L261-L275},
}

@ONLINE{github_underflow_frame,
  author = {GitHub},
  month = feb,
  year = {2014},
  url =
  {https://github.com/ghc/ghc/blob/1bffa2b2e7b7d1a829dff44256a5d1da3f2aef88/rts/StgMiscClosures.cmm#L25-L42},
}

@ONLINE{github_stack_buffering,
  author = {GitHub},
  month = feb,
  year = {2014},
  url =
  {https://github.com/ghc/ghc/blob/d3b24e10d419f48e0839b08eb740d7138e56b390/rts/Threads.c#L602-L661},
}

@ONLINE{haskell_org_release_7.6.1,
  author = {GitHub},
  month = feb,
  year = {2014},
  url =
  {http://www.haskell.org/ghc/docs/7.6.1/html/users_guide/release-7-6-1.html},
}

@inproceedings{vytiniotis2013halo,
  title={HALO: Haskell to logic through denotational semantics},
  author={Vytiniotis, Dimitrios and Peyton Jones, Simon and Claessen, Koen and Ros{\'e}n, Dan},
  booktitle={Proceedings of the 40th annual ACM SIGPLAN-SIGACT symposium on Principles of programming languages},
  pages={431--442},
  year={2013},
  organization={ACM}
}

@inproceedings{xu2009static,
  title={Static contract checking for Haskell},
  author={Xu, Dana N and Peyton Jones, Simon and Claessen, Koen},
  booktitle={ACM Sigplan Notices},
  volume={44},
  number={1},
  pages={41--52},
  year={2009},
  organization={ACM}
}

@inproceedings{xu2006extended,
  title={Extended static checking for Haskell},
  author={Xu, Dana N},
  booktitle={Proceedings of the 2006 ACM SIGPLAN workshop on Haskell},
  pages={48--59},
  year={2006},
  organization={ACM}
}

@incollection{claessen2013automating,
  title={Automating inductive proofs using theory exploration},
  author={Claessen, Koen and Johansson, Moa and Ros{\'e}n, Dan and Smallbone, Nicholas},
  booktitle={Automated Deduction--CADE-24},
  pages={392--406},
  year={2013},
  publisher={Springer}
}

@ONLINE{github_updates_cmm,
  author = {GitHub},
  month = feb,
  year = {2014},
  url =
  {https://github.com/ghc/ghc/blob/1c160e588706f4ff6b4e391602e38f0a2044ec13/rts/Updates.cmm},
}

@ONLINE{github_overwrite_update_frame,
  author = {GitHub},
  month = feb,
  year = {2014},
  url =
  {https://github.com/ghc/ghc/blob/9562f18769b18cd44290d14628dd8d9a45e7d898/rts/ThreadPaused.c#L237},
}

@ONLINE{github_overwrite_blackhole,
  author = {GitHub},
  month = feb,
  year = {2014},
  url =
  {https://github.com/ghc/ghc/blob/9562f18769b18cd44290d14628dd8d9a45e7d898/rts/ThreadPaused.c#L326-L328},
}

@ONLINE{github_set_hdr_caf_blackhole,
  author = {GitHub},
  month = feb,
  year = {2014},
  url =
  {https://github.com/ghc/ghc/blob/95854ca5276e3f4063ade7fe3a934bed46648270/rts/sm/Storage.c#L376},
}

@ONLINE{github_blackholing_not_optional,
  author = {GitHub},
  month = feb,
  year = {2014},
  url =
  {https://github.com/ghc/ghc/blob/3c9aa40f1cb3f228a86b359466ac8f058583e157/rts/sm/Scav.c#L1690},
}

@article{jones1992tail,
  title={Tail recursion without space leaks},
  author={Jones, Richard},
  journal={J. Funct. Program.},
  volume={2},
  number={1},
  pages={73--79},
  year={1992},
  publisher={Cambridge Univ Press}
}

@inproceedings{marlow2007lightweight,
  title={A lightweight interactive debugger for haskell},
  author={Marlow, Simon and Iborra, José and Pope, Bernard and Gill, Andy},
  booktitle={Proceedings of the ACM SIGPLAN workshop on Haskell workshop},
  pages={13--24},
  year={2007},
  organization={ACM}
}

@ONLINE{github_thread_paused,
  author = {GitHub},
  month = feb,
  year = {2014},
  url =
  {https://github.com/ghc/ghc/blob/9562f18769b18cd44290d14628dd8d9a45e7d898/rts/ThreadPaused.c},
}

@ONLINE{github_return_if_squeezed,
  author = {GitHub},
  month = feb,
  year = {2014},
  url =
  {https://github.com/ghc/ghc/blob/d3b24e10d419f48e0839b08eb740d7138e56b390/rts/Threads.c#L561},
}

@ONLINE{github_mach_regs_h,
  author = {GitHub},
  month = feb,
  year = {2014},
  url =
  {https://github.com/ghc/ghc/blob/2f69aaea7066b8d11034925d9376fadd67361eca/includes/stg/MachRegs.h},
}

@ONLINE{ghc_new_implementation_black_holes,
  author = {GHC Changeset},
  month = feb,
  year = {2014},
  url =
  {https://ghc.haskell.org/trac/ghc/changeset/5d52d9b64c21dcf77849866584744722f8121389/ghc},
}

@inproceedings{peyton1999semantics,
  title={A semantics for imprecise exceptions},
  author={Peyton Jones, Simon and Reid, Alastair and Henderson, Fergus and Hoare, Tony and Marlow, Simon},
  booktitle={ACM SIGPLAN Notices},
  volume={34},
  number={5},
  pages={25--36},
  year={1999},
  organization={ACM}
}

@inproceedings{marlow2006extensible,
  title={An extensible dynamically-typed hierarchy of exceptions},
  author={Marlow, Simon},
  booktitle={Proceedings of the 2006 ACM SIGPLAN workshop on Haskell},
  pages={96--106},
  year={2006},
  organization={ACM}
}

@ONLINE{haskellwiki_ministg,
  author = {Haskellwiki},
  title = {Ministg},
  month = mar,
  year = {2014},
  url =
  {http://www.haskell.org/haskellwiki/index.php?title=Ministg&oldid=45213},
}

@ONLINE{oracle_object_file_format,
  author = {Oracle},
  title = {Object File Format},
  month = mar,
  year = {2014},
  url =
  {http://docs.oracle.com/cd/E19683-01/817-3677/chapter6-46512/index.html},
}

@ONLINE{wikibooks_graph_reduction,
  author = {Wikibooks},
  title = {Haskell/Graph Reduction},
  month = mar,
  year = {2014},
  url =
  {http://en.wikibooks.org/w/index.php?title=Haskell/Graph_reduction&oldid=2562184},
}

@book{o2008real,
  title={Real world haskell},
  author={O'Sullivan, Bryan and Goerzen, John and Stewart, Donald Bruce},
  year={2008},
  publisher={O'Reilly Media, Inc.}
}

@ONLINE{ezyang_8_ways_to_report_errors,
  author = {Edward Z. Yang},
  title = { 8 ways to report errors in Haskell revisited },
  month = mar,
  year = {2014},
  url =
  {http://blog.ezyang.com/2011/08/8-ways-to-report-errors-in-haskell-revisited/},
}

@ONLINE{commentary_rts,
  author = {GHC Commentary},
  month = mar,
  year = {2014},
  url =
  {https://ghc.haskell.org/trac/ghc/wiki/Commentary/Rts?version=29},
}

@ONLINE{haskell_org_release_6.10.1,
  author = {GitHub},
  month = mar,
  year = {2014},
  url =
  {http://www.haskell.org/ghc/docs/6.10.1/html/users_guide/release-6-10-1.html},
}

@ONLINE{github_pepeiborra_cme,
  author = {GitHub},
  month = mar,
  year = {2014},
  url =
  {https://github.com/pepeiborra/control-monad-exception/tree/d32767e95756e3970909e65fc7b020af262ca04f},
}

@ONLINE{hackage_base_control_exception,
  author = {Hackage},
  title = {Control.Exception},
  month = mar,
  year = {2014},
  url =
  {http://hackage.haskell.org/package/base-4.6.0.1/docs/Control-Exception.html},
}
